<collection xmlns="http://www.loc.gov/MARC21/slim">
<record>
  <leader>00440na 0a22001211i 450 </leader>
  <controlfield tag="001">IT\ICCU\CNCE\066018</controlfield>
  <controlfield tag="005">20060803000000.0</controlfield>
  <datafield tag="100" ind1=" " ind2=" ">
    <subfield code="a">20060803             0itac0103    ba</subfield>
  </datafield>
  <datafield tag="101" ind1=" " ind2=" ">
    <subfield code="a">ITA</subfield>
  </datafield>
  <datafield tag="200" ind1="1" ind2=" ">
    <subfield code="a">Dell&apos;historia di Siena scritta da Orlando di M. Bernardo Malauolti ... la prima \-terza! parte</subfield>
  </datafield>
  <datafield tag="700" ind1=" " ind2="1">
    <subfield code="a">Malavolti,</subfield>
    <subfield code="b">Orlando</subfield>
    <subfield code="3">IT\ICCU\CNCA\008038</subfield>
  </datafield>
  <datafield tag="790" ind1=" " ind2="1">
    <subfield code="a">Malavolta,</subfield>
    <subfield code="b">Orlando</subfield>
    <subfield code="3">IT\ICCU\CNCA\021083</subfield>
    <subfield code="z">Malavolti, Orlando</subfield>
  </datafield>
  <datafield tag="801" ind1=" " ind2="3">
    <subfield code="a">IT</subfield>
    <subfield code="b">ICCU</subfield>
    <subfield code="c">20201115</subfield>
  </datafield>
</record>
</collection>
